
@inproceedings{Bertini:2006,
 author = {Bertini, Enrico and Gabrielli, Silvia and Kimani, Stephen},
 title = {Appropriating and Assessing Heuristics for Mobile Computing},
 booktitle = {Proceedings of the Working Conference on Advanced Visual Interfaces},
 series = {AVI '06},
 year = {2006},
 isbn = {1-59593-353-0},
 location = {Venezia, Italy},
 pages = {119--126},
 numpages = {8},
 url = {http://doi.acm.org/10.1145/1133265.1133291},
 doi = {10.1145/1133265.1133291},
 acmid = {1133291},
 publisher = {ACM},
 address = {New York, NY, USA},
 keywords = {heuristic evaluation, mobile computing, usability heuristics}
}

@inproceedings{Baudisch:2009,
 author = {Baudisch, Patrick and Chu, Gerry},
 title = {Back-of-device Interaction Allows Creating Very Small Touch Devices},
 booktitle = {Proceedings of the SIGCHI Conference on Human Factors in Computing Systems},
 series = {CHI '09},
 year = {2009},
 isbn = {978-1-60558-246-7},
 location = {Boston, MA, USA},
 pages = {1923--1932},
 numpages = {10},
 url = {http://doi.acm.org/10.1145/1518701.1518995},
 doi = {10.1145/1518701.1518995},
 acmid = {1518995},
 publisher = {ACM},
 address = {New York, NY, USA},
 keywords = {back-of-device interaction, input devices, lucidtouch, mobile devices, nanotouch, pointing, touch}
}

@inproceedings{Pederson:2015,
 author = {Pederson, Thomas and Jalaliniya, Shahram},
 title = {An Egocentric Approach Towards Ubiquitous Multimodal Interaction},
 booktitle = {Adjunct Proceedings of the 2015 ACM International Joint Conference on Pervasive and Ubiquitous Computing and Proceedings of the 2015 ACM International Symposium on Wearable Computers},
 series = {UbiComp/ISWC'15 Adjunct},
 year = {2015},
 isbn = {978-1-4503-3575-1},
 location = {Osaka, Japan},
 pages = {927--932},
 numpages = {6},
 url = {http://doi.acm.org/10.1145/2800835.2806202},
 doi = {10.1145/2800835.2806202},
 acmid = {2806202},
 publisher = {ACM},
 address = {New York, NY, USA},
 keywords = {egocentric interaction, peripheral interaction, wearable personal assistant}
}

@inproceedings{Marshall:2013,
 author = {Marshall, Joe and Tennent, Paul},
 title = {Mobile Interaction Does Not Exist},
 booktitle = {CHI '13 Extended Abstracts on Human Factors in Computing Systems},
 series = {CHI EA '13},
 year = {2013},
 isbn = {978-1-4503-1952-2},
 location = {Paris, France},
 pages = {2069--2078},
 numpages = {10},
 url = {http://doi.acm.org/10.1145/2468356.2468725},
 doi = {10.1145/2468356.2468725},
 acmid = {2468725},
 publisher = {ACM},
 address = {New York, NY, USA},
 keywords = {interaction, interaction in motion, mobile, motion, swimming}
}

@inproceedings{Rautaray:2010,
 author = {Rautaray, Siddharth Swarup and Agrawal, Anupam},
 title = {A Novel Human Computer Interface Based on Hand Gesture Recognition Using Computer Vision Techniques},
 booktitle = {Proceedings of the First International Conference on Intelligent Interactive Technologies and Multimedia},
 series = {IITM '10},
 year = {2010},
 isbn = {978-1-4503-0408-5},
 location = {Allahabad, India},
 pages = {292--296},
 numpages = {5},
 url = {http://doi.acm.org/10.1145/1963564.1963615},
 doi = {10.1145/1963564.1963615},
 acmid = {1963615},
 publisher = {ACM},
 address = {New York, NY, USA},
 keywords = {gesture, human computer interface, media player, recognition}
}

